@misc{meme,
  title = {Floating point arithmetic},
  author = {Xeon06},
  howpublished = {https://www.reddit.com/r/\\ProgrammerHumor/comments/1fq4jy/floating\_point\_arithmetic/},
  year = {2013}
}


@misc{mlir,
  title = {MLIR LLVM},
  author = {LLVM Contributors},
  howpublished = {https://mlir.llvm.org/},
  year = {2023}
}

@misc{mliraffine,
  title = {'affine' Dialect},
  author = {LLVM Contributors},
  howpublished = {https://mlir.llvm.org/docs/Dialects/Affine/},
  year = {2023}
}

@inproceedings{CacheModel,
	doi = {10.1145/3314221.3314606},
	url = {https://doi.org/10.1145%2F3314221.3314606},
	year = 2019,
	month = {June},
	publisher = {{ACM}},
	author = {Tobias Gysi and Tobias Grosser and Laurin Brandner and Torsten Hoefler},
	title = {A fast analytical model of fully associative caches},
	booktitle = {Proceedings of the 40th {ACM} {SIGPLAN} Conference on Programming Language Design and Implementation}
}

@inproceedings{Unaligned,
	doi = {10.1109/ISPASS.2007.363737},
	url = {https://www.researchgate.net/publication/232635910\_Performance\_Impact\_of\_Unaligned\_Memory\_Operations\_in\_SIMD\_Extensions\_for\_Video\_Codec\_Applications},
	year = 2007,
	month = {April},
	publisher = {DBLP},
	author = {Mauricio Alvarez Mesa and Esther Salamí and Alex Ramírez and Mateo Valero},
	title = {Performance Impact of Unaligned Memory Operations in SIMD Extensions for Video Codec Applications},
	booktitle = {}
}


@inproceedings{intfpu-modexp,
  author={Emmart, Niall and Zheng, Fangyu and Weems, Charles},
  booktitle={2018 IEEE 25th Symposium on Computer Arithmetic (ARITH)}, 
  title={Faster Modular Exponentiation Using Double Precision Floating Point Arithmetic on the GPU}, 
  year={2018},
  volume={},
  number={},
  pages={130-137},
  doi={10.1109/ARITH.2018.8464792}}
@inproceedings{intfpu-rsa,
  author={Zhe Liu and Jiankuo Dong and Fangyu Zheng and Wuqiong Pan and Jingqiang Lin and Jiwu Jing and Yuan Zhao},
  booktitle={Security and Communication Networks}, 
  title={Utilizing the Double-Precision Floating-Point Computing Power of GPUs for RSA Acceleration}, 
  year={2017},
  volume={2017},
  doi={10.1155/2017/3508786}}


@inproceedings{SMLPPA,
  author={Bojanczyk, Mikolaj and Ouaknine, Joël},
  title={A Simple and Practical Linear-Time Algorithm for Presburger Arithmetic},
  year={2004},
  url={https://people.mpi-sws.org/~joel/publications/presburger04.pdf}
}

@inproceedings{FPL1,
  author={Grosser et al.},
  booktitle={Proceedings of the ACM on Programming, Languages, Volume 4},
  title={Fast linear programming through transprecision computing on small and sparse data},
  year={2020},
  url={https://dl.acm.org/doi/10.1145/3428263}
}

@inproceedings{FPL2,
  author={Pitchanathan et al.},
  booktitle={Proceedings of the ACM on Programming Languages, Volume 5},
  title={FPL: fast Presburger arithmetic through transprecision},
  year={2021},
  url={https://dl.acm.org/doi/10.1145/3428263}
}

@misc{SLK-X,
  author={Ian Cutress},
  title={The Intel Skylake-X Review: Core i9 7900X, i7 7820X and i7 7800X Tested},
  year={2017},
  howpublished={https://www.anandtech.com/show/11550/the-intel-skylakex-review-core-i9-7900x-i7-7820x-and-i7-7800x-tested}
}

@misc{Zen4Critique,
  author={Mysticial},
  title={Zen4's AVX512 Teardown},
  year={2022},
  howpublished={https://www.mersenneforum.org/\\showthread.php?p=614191}
}
@misc{AVX-offset,
  author={robocat},
  title={Linus Torvalds on AVX512},
  year={2020},
  howpublished={https://news.ycombinator.com/\\item?id=23809335}
}


@misc{Zen2ChipWiki,
  author={At32Hz},
  title={Zen 2 - Microarchitectures - AMD},
  year={2022},
  howpublished={https://en.wikichip.org/wiki/\\amd/microarchitectures/zen\_2}
}


@misc{ZenPerfPerWatt,
  author={kingfish},
  title={How AMD’s Zen 2 Architecture Boosts Performance-Per-Watt},
  year={2019},
  howpublished={https://community.amd.com/t5/general-discussions/how-amd-s-zen-2-architecture-boosts-performance-per-watt/td-p/143054}
}

@misc{ieee754-diagram,
  author={Mariana Silva and Wanjun Jiang and Matthew West and Erin Carrier and Adam Stewart and Luke Olson},
  title={Floating Point Representation},
  year={2020},
  howpublished={https://courses.physics.illinois.edu/cs357/sp2020/notes/ref-4-fp.html}
}

@unpublished{CARD,
  author={Nigel Topham},
  title={Advanced Arithmetic Functions},
  year={2021},
  note={Computer Architecture and Design (INFR10076) Lecture 21}
}

@misc{googlebench,
  author       = {Google Benchmark Developers},
  howpublished = {https://github.com/\\google/benchmark},
  title        = {google/benchmark},
  year         = {2023}
}

@misc{archLinuxFreqScal,
  author       = {Arch Linux},
  howpublished = {https://wiki.archlinux.org/title/\\CPU\_frequency\_scaling},
  title        = {CPU frequency scaling},
  year         = {2023}
}
@misc{GoogleBenchReduceVariance,
  author       = {Google Benchmark Developers},
  howpublished = {https://github.com/\\google/benchmark/blob/main/docs/reducing\_variance.md},
  title        = {Reducing Variance},
  year         = {2023}
}


@misc{llvm-mca,
  author       = {LLVM Developers},
  howpublished = {https://llvm.org/\\docs/CommandGuide/llvm-mca.html},
  title        = {llvm-mca - LLVM Machine Code Analyzer},
  year         = {2023}
}

@misc{fenvlib,
  author       = {cppreference.com},
  howpublished = {https://en.\\cppreference.com/w/cpp/header/cfenv},
  title        = {Standard library header cfenv (C++11)},
  year         = {2022}
}



@misc{x87-bad,
  author={Agner Fog},
  title={Optimizing software in C++},
  year={2022},
  howpublished={https://www.agner.org/optimize/\\optimizing\_cpp.pdf}
}


@misc{simplex-example,
  author={James Jones},
  title={Linear Programming: Simplex Method},
  year={2006},
  howpublished={https://people.richland.edu/james/ictcm/2006/simplex.html}
}

@misc{mca-issue,
  author={AOIDUO and LebedevRI and RKSimon and adibiagio and llvmbot},
  title={Unexpected Rthroughput for vfmadd* instructions in znver3},
  year={2022},
  howpublished={https://github.com/llvm/\\llvm-project/issues/59325}}
}

@misc{instruction,
  author={Félix Cloutier},
  title={x86 and amd64 instruction reference},
  year={2022},
  howpublished={https://www.felixcloutier\\.com/x86/}
}




@misc{AMDManual,
  author={AMD},
  title={Software Optimization Guide for AMD Family 17h Processors},
  year={2021},
  howpublished={https://www.amd.com/en/support/tech-docs/software-optimization-guide-for-amd-family-17h-processors}
}

@misc{linusHopeAvx512Die,
  author={Linus Torvalds},
  title={Alder Lake and AVX-512},
  year={2020},
  howpublished = {https://www.realworldtech.com/\\forum/?threadid=193189\&curpostid=193190}
}


@misc{fp16-diagram,
  author={Islam Mohamed},
  title={Mixed Precision Training},
  year={2020},
  howpublished = {https://islammohamedmosaad.\\github.io/journal/Mixed-Precision-Training.html}
}


@misc{fp16-fast,
  author={NVIDIA},
  title={Train with Mixed Precision User's Guide},
  year={2023},
  howpublished = {https://docs.nvidia.com/\\deeplearning/performance/mixed-precision-training/index.html}
}

@misc{pascal-intro-fp16,
  author={Ryan Smith},
  title={The NVIDIA GeForce GTX 1080 \& GTX 1070 Founders Editions Review: Kicking Off the FinFET Generation},
  year={2016},
  howpublished = {https://www.anandtech.com/show/10325/the-nvidia-geforce-gtx-1080-and-1070-founders-edition-review/5}
}

